<record><leader>00000cas a2200000 a 4500</leader><controlfield tag="001">10498494</controlfield><controlfield tag="008">840308d18781891nbuwr ne      0    0eng  </controlfield><controlfield tag="009">466</controlfield><datafield ind1=" " ind2=" " tag="010"><subfield code="a">sn 84020245 </subfield></datafield><datafield ind1=" " ind2=" " tag="040"><subfield code="a">DLC</subfield><subfield code="b">eng</subfield><subfield code="c">DLC</subfield><subfield code="d">NPU</subfield><subfield code="d">NPT</subfield><subfield code="d">MGN</subfield><subfield code="d">NVF</subfield><subfield code="d">NVG</subfield><subfield code="d">OCL</subfield></datafield><datafield ind1=" " ind2=" " tag="042"><subfield code="a">msc</subfield></datafield><datafield ind1=" " ind2=" " tag="043"><subfield code="a">n-us-nb</subfield></datafield><datafield ind1="0" ind2="0" tag="050"><subfield code="a">Newspaper 8663-X</subfield></datafield><datafield ind1="0" ind2="4" tag="245"><subfield code="a">The Weekly Nebraska state journal.</subfield></datafield><datafield ind1="1" ind2="3" tag="246"><subfield code="a">Weekly state journal</subfield><subfield code="f">May 10, 1878-July 30, 1886</subfield></datafield><datafield ind1="1" ind2="3" tag="246"><subfield code="a">Weekly journal</subfield><subfield code="f">Aug. 6, 1886-Dec. 11, 1891</subfield></datafield><datafield ind1="1" ind2="7" tag="246"><subfield code="a">Nebraska state journal</subfield><subfield code="f">May 10, 1878-Mar. 17, 1882</subfield></datafield><datafield ind1=" " ind2=" " tag="260"><subfield code="a">Lincoln, Neb. :</subfield><subfield code="b">[State Journal Co.],</subfield><subfield code="c">1878-1891.</subfield></datafield><datafield ind1=" " ind2=" " tag="300"><subfield code="a">14 v. :</subfield><subfield code="b">ill. (chiefly advertisements) ;</subfield><subfield code="c">69 cm.</subfield></datafield><datafield ind1=" " ind2=" " tag="310"><subfield code="a">Weekly</subfield></datafield><datafield ind1="0" ind2=" " tag="362"><subfield code="a">Vol. 11, no. 22 (May 10, 1878)-v. 24, no. 54 (Dec. 11, 1891) = whole no. 542-1251.</subfield></datafield><datafield ind1=" " ind2=" " tag="580"><subfield code="a">Daily ed.: Daily Nebraska state journal.</subfield></datafield><datafield ind1=" " ind2=" " tag="752"><subfield code="a">United States</subfield><subfield code="b">Nebraska</subfield><subfield code="c">Lancaster</subfield><subfield code="d">Lincoln.</subfield></datafield><datafield ind1="1" ind2=" " tag="775"><subfield code="t">Daily Nebraska state journal</subfield><subfield code="w">(DLC)sn 84020257</subfield></datafield><datafield ind1="0" ind2="0" tag="780"><subfield code="t">Nebraska state journal (Lincoln, Neb.)</subfield><subfield code="w">(DLC)sn 84022732</subfield></datafield><datafield ind1="0" ind2="0" tag="785"><subfield code="t">Semi-weekly Nebraska state journal</subfield><subfield code="w">(DLC)sn 86063431</subfield></datafield></record>